[gd_scene load_steps=9 format=3 uid="uid://k0tk3rtsy4ry"]

[ext_resource type="Script" path="res://Assets/Game_manager.gd" id="1_y0sl1"]
[ext_resource type="Texture2D" uid="uid://cihbfenig8sju" path="res://Assets/Background.png" id="2_ar3yl"]
[ext_resource type="PackedScene" uid="uid://bq23ydcbgxta5" path="res://Assets/User_Spawner/User_spawner.tscn" id="3_7810d"]
[ext_resource type="PackedScene" uid="uid://boja7x6ptyeap" path="res://Assets/Decks/DeckManager.tscn" id="4_mhgha"]
[ext_resource type="PackedScene" uid="uid://dppwp7ldf61jp" path="res://Assets/Timeline/timeline.tscn" id="5_ar8hx"]
[ext_resource type="PackedScene" uid="uid://cxm1orxtnclsr" path="res://Assets/Scoring/scoring.tscn" id="7_j3brg"]
[ext_resource type="AudioStream" uid="uid://bp202ld44xcgx" path="res://Assets/Audio/BGM/funny_compete.wav" id="8_ned5j"]
[ext_resource type="AudioStream" uid="uid://b25pj7qfw6aw0" path="res://Assets/Audio/BGM/funny_compete_mas_agudo.wav" id="9_127xc"]

[node name="Gameplay" type="Node2D"]
script = ExtResource("1_y0sl1")

[node name="BackGround" type="Sprite2D" parent="."]
z_index = -10
position = Vector2(620, 348.75)
scale = Vector2(1.6, 1.7)
texture = ExtResource("2_ar3yl")

[node name="UserSpawner" parent="." instance=ExtResource("3_7810d")]
position = Vector2(675, 310)

[node name="DeckManager" parent="." instance=ExtResource("4_mhgha")]

[node name="Timeline" parent="." instance=ExtResource("5_ar8hx")]

[node name="BGM_Funny" type="AudioStreamPlayer" parent="."]
stream = ExtResource("8_ned5j")
autoplay = true

[node name="BGM_Funny_Agudo" type="AudioStreamPlayer" parent="."]
stream = ExtResource("9_127xc")
volume_db = -80.0
autoplay = true

[node name="Scoring" parent="." instance=ExtResource("7_j3brg")]

[connection signal="US_numberOfActiveUsersChange" from="UserSpawner" to="Scoring" method="_on_user_spawner_us_number_of_active_users_change"]
[connection signal="GM_end" from="DeckManager" to="." method="_on_deck_manager_gm_end"]
[connection signal="TL_addImage" from="DeckManager" to="Timeline" method="_on_deck_manager_tl_add_image"]
[connection signal="GM_end" from="Scoring" to="." method="_on_scoring_gm_end"]
